%% This BibTeX bibliography file was created using BibDesk.
%% http://bibdesk.sourceforge.net/


%% Created for Hans Jakob Rivertz at 2013-05-10 22:02:09 +0200 


%% Saved with string encoding Unicode (UTF-8) 

@inproceedings{AlsamFarup12,
	Author = {Ali Alsam and Ivar Farup},
	Title = {Spatial Colour Gamut Mapping by Orthogonal Projection of Gradients onto Constant Hue Lines},
	Bibsource = {DBLP, http://dblp.uni-trier.de},
	Booktitle = {ISVC (1)},
	Pages = {556-565},
	Isbn = {978-3-642-33178-7},
	Publisher = {Springer},
	Series = {Lecture Notes in Computer Science},
	Volume = {7431},
	Year = {2012}}

@inproceedings{AlsamFarup11,
	Author = {Ali Alsam and Ivar Farup},
	Title = {Spatial Colour Gamut Mapping by Means of Anisotropic Diffusion},
	Booktitle = {CCIW},
	Isbn = {978-3-642-20403-6},
	Publisher = {Springer},
	Series = {Lecture Notes in Computer Science},
	Volume = 6626,
	Pages = {113-124},
	Year = 2011}

@article{Rudin:1992:NTV:142273.142312,
	Acmid = {142312},
	Address = {Amsterdam, The Netherlands, The Netherlands},
	Author = {Rudin, Leonid I. and Osher, Stanley and Fatemi, Emad},
	Doi = {10.1016/0167-2789(92)90242-F},
	Issn = {0167-2789},
	Issue_Date = {Nov. 1, 1992},
	Journal = {Phys. D},
	Month = nov,
	Number = {1-4},
	Numpages = {10},
	Pages = {259--268},
	Publisher = {Elsevier Science Publishers B. V.},
	Title = {Nonlinear total variation based noise removal algorithms},
	Url = {http://dx.doi.org/10.1016/0167-2789(92)90242-F},
	Volume = {60},
	Year = {1992},
	Bdsk-Url-1 = {http://dx.doi.org/10.1016/0167-2789(92)90242-F}}

@inproceedings{AlsamRivertz11,
	Author = {Ali Alsam and Hans Jakob Rivertz},
	Booktitle = {Proceedings of the 13th IASTED International Conference on Signal and Image Processing},
	Date-Modified = {2013-04-30 11:52:45 +0000},
	Pages = {8--12},
	Publisher = {ACTA Press},
	Title = {Fast Edge Preserving Smoothing Algorithm},
	Year = {2011}}

@article{Perona90scale-spaceand,
	Author = {Pietro Perona and Jitendra Malik},
	Journal = {IEEE Transactions on Pattern Analysis and Machine Intelligence},
	Pages = {629--639},
	Title = {Scale-space and edge detection using anisotropic diffusion},
	Volume = {12},
	Year = {1990}}

@article{Blomgren96colortv,
	Author = {Peter Blomgren and Tony F. Chan},
	Journal = {IEEE Trans. Image Processing},
	Pages = {304--309},
	Title = {Color TV: Total Variation Methods for Restoration of Vector Valued Images},
	Volume = {7},
	Year = {1996}}

@inproceedings{Tschumperl-vector-valuedimage,
	Author = {David Tschumperl\'e and R. Deriche},
	Booktitle = {IEEE Transactions on Pattern Analysis and Machine Intelligence},
	Pages = {506--517},
	Title = {Vector-Valued Image Regularization with PDEs: A Common Framework for Different Applications},
	Year = {2003}}

@inproceedings{Barash00bilateralfiltering,
	Author = {Danny Barash},
	Booktitle = {In Third International Conference on ScaleSpace and Morphology},
	Pages = {273--280},
	Title = {Bilateral Filtering and Anisotropic Diffusion: Towards a Unified Viewpoint},
	Year = {2000}}
